@book{ross_rubiks,
  author    = {Daniel Ross},
  title     = {Rubik's Cube Best Algorithms},
  year      = {2017},
  publisher = {Independently published},
  isbn      = {978-1520827100}
}

@book{tecnicasmemoriaveloz,
  title     = {Técnicas de Memoria Veloz},
  author    = {Armando Elle},
  isbn      = {9781511777520},
  publisher = {CREATESPACE},
  year      = {2023}
}

@book{memorizacomosherlock,
  author    = {Steve Allen},
  title     = {Memoriza como Sherlock Holmes / Aprende la técnica del palacio de la memoria},
  isbn      = {9781976489518},
  publisher = {CreateSpace Independent Publishing Platform},
  year      = {2017}
}

@misc{Insider,
  title  = {How The Rubik's Cube Became One Of The Bestselling Toys In History},
  author = {Insider},
  year   = {2018},
  url    = {https://youtu.be/Y5tyCcEVsyY}
}


@misc{learnlatex2023,
  author = {Learn LaTeX},
  title  = {Lliçó 01},
  year   = {2023},
  url    = {https://www.learnlatex.org/ca/lesson-01}
}

@misc{Progressio,
  title  = {MAPA de Progressió d`un excampió mundial},
  author = {Youtube},
  year   = {2023},
  url    = {https://www.youtube.com/watch?v=yv_hNlR5Qg4}
}

@misc{Tkinter,
  title  = {Tkinter},
  author = {GeeksforGeeks},
  year   = {2023},
  url    = {https://www.geeksforgeeks.org/create-first-gui-application-using-python-tkinter/}
}

@misc{Freecodecamp,
  title  = {Free code camp},
  author = {Freecodecamp},
  year   = {2023},
  url    = {https://www.freecodecamp.org/espanol/news/guia-de-funciones-de-python-con-ejemplos/}
}

@misc{OrozcoMethod,
  title  = {Orozco Method},
  author = {JPerm},
  year   = {2023},
  url    = {https://www.youtube.com/watch?v=LTRYeFsao9Q}
}

@misc{OrozcoTutorial,
  title  = {Orozco Tutorial},
  author = {Random Cuber},
  year   = {2023},
  url    = {https://www.reddit.com/r/Cubers/comments/84r39g/orozco_intermediate_3bld_method_tutorial/}
}

@misc{RecursosPython,
  title  = {Recursos Python},
  author = {RecursosPython},
  year   = {2023},
  url    = {https://recursospython.com/guias-y-manuales/iconos-en-ventanas-de-tk-tkinter/}
}

@misc{LogoCervell,
  title  = {Logo Cervell},
  author = {Icon-icons},
  year   = {2023},
  url    = {https://icon-icons.com/es/icono/cerebro/109577}
}

@misc{RubiksCubeTikz,
  title  = {Rubik`s Cube Tikz},
  author = {Tex Stackexchange},
  year   = {2023},
  url    = {https://tex.stackexchange.com/questions/459254/easy-way-to-generate-rubiks-cube-diagrams}
}

@misc{XerradaRubiksCube,
  title  = {Xerrada Rubik`s Cube},
  author = {Ted},
  year   = {2023},
  url    = {https://www.ted.com/talks/chris_olson_how_a_rubik_s_cube_solved_my_life}
}

@misc{HeaderambFancy,
  title  = {Header amb Fancy},
  author = {Stackoverflow},
  year   = {2023},
  url    = {https://stackoverflow.com/questions/68669076/how-to-correctly-set-a-fancy-header-and-footer-in-a-included-pdf-which-contains}
}

@misc{AjudaWeb,
  title  = {Ajuda web},
  author = {GreatStack},
  year   = {2023},
  url    = {https://www.youtube.com/watch?v=PgAZ8KzfhO8}
}

@misc{Cuber,
  title  = {I spent 6 months practicing 3x3 blindfolded},
  author = {JavaCuber},
  year   = {2022},
  url    = {https://www.youtube.com/watch?v=B3vM7ejx584}
}

@misc{EdgeSetup,
  title  = {Andy Klise`s M2/Old Pochmann Guide},
  author = {Andy Klise},
  year   = {2023},
  url    = {https://www.kungfoomanchu.com/guides/andy-klise-m2-oldpoch.pdf}
}

@misc{Perm,
  title  = {Rubik`s cube blindfolded: M2 method tutorial},
  author = {JPerm},
  year   = {2017},
  url    = {https://www.youtube.com/watch?v=JTkSQxWk_u8}
}

@misc{3BLD,
  title  = {CubeRoot; Ruimin},
  author = {Ruimin Yan},
  year   = {2019},
  url    = {https://www.cuberoot.me/3bld/}
}

@misc{AplicacioCstimer,
  title  = {Aplicació Cstimer},
  author = {Cstimer},
  year   = {2023},
  url    = {https://cstimer.net/}
}

@misc{AplicacioCubedesk,
  title  = {Aplicació Cube desk},
  author = {Cubedesk},
  year   = {2023},
  url    = {https://www.cubedesk.io/}
}

@misc{DavidSingmaster,
  title  = {David Singmaster},
  author = {KDE},
  year   = {2023},
  url    = {https://docs.kde.org/trunk5/en/kubrick/kubrick/singmaster-moves.html}
}

@misc{Redbull-cub,
  title  = {Cubo de Rubik: 10 curiosidades que no sabías},
  author = {Redbull},
  year   = {2023},
  url    = {https://www.redbull.com/es-es/cubo-rubik-10-curiosidades}
}

@misc{worldcubeassociation,
    title = {Rankings 3BLD | World Cube Association},
    author = {WCA},
    url = {https://www.worldcubeassociation.org/results/rankings/333bf/single},
    year = {2023},
}
